2322 4128
401 830 1312 195 Ueias qui es parlar ab tu

388 970 1228 206 Ieu regardiei e ui iħu

408 1121 1422 195 Ieu mi cugiei fantasma fos

371 1272 1163 190 E preͥs a dir mas orazos

373 1421 1219 184 Et el las pres a dir ab me

385 1564 1432 190 Ueias dis ell qui parla ab te

347 1706 1489 210 Si fos fantasma ieu mẽ issira

350 1864 1345 203 Tas orasos ia non ausira

339 2027 1530 192 Regardai me car ieu son crist

323 2176 1370 186 Que el sepulcre tu mesist

282 2335 1424 189 Per so ofist car mi amiest

307 2506 1489 170 En ton susari me uolopiest

286 2662 1588 184 Et ieu dis li seynher set plas

273 2841 1585 195 Mostrã lo luoc on fust pausatz

305 3024 1640 195 per la man pres lai mẽ menet

254 3169 1333 202 E lo susari me monstret

250 3334 1466 236 Et ieu conoic que ih̾s era
